<?xml version="1.0" encoding="UTF-8"?>
<record xmlns="http://www.loc.gov/MARC21/slim" xmlns:xsi="http://www.w3.org/2001/XMLSchema-instance" xsi:schemaLocation="http://www.loc.gov/MARC21/slim http://www.loc.gov/standards/marcxml/schema/MARC21slim.xsd">
<leader>00000cam a22      a 4500</leader>
<controlfield tag="001">001678192</controlfield>
<controlfield tag="003">NNU</controlfield>
<controlfield tag="005">20151014160010.0</controlfield>
<controlfield tag="008">850225s1969    iq abc   b    000 0 ara</controlfield>
<datafield tag="010" ind1=" " ind2=" ">
<subfield code="a">   79257216</subfield>
</datafield>
<datafield tag="035" ind1=" " ind2=" ">
<subfield code="a">(OCoLC)13885851</subfield>
</datafield>
<datafield tag="040" ind1=" " ind2=" ">
<subfield code="a">DLC</subfield>
<subfield code="b">eng</subfield>
<subfield code="c">NYP</subfield>
<subfield code="d">CLU</subfield>
<subfield code="d">ORZ</subfield>
<subfield code="d">IUL</subfield>
<subfield code="d">OCLCQ</subfield>
<subfield code="d">NNU</subfield>
</datafield>
<datafield tag="043" ind1=" " ind2=" ">
<subfield code="a">a-iq---</subfield>
</datafield>
<datafield tag="050" ind1=" " ind2="4">
<subfield code="a">DS79.9.S5</subfield>
<subfield code="b">S5 1969</subfield>
</datafield>
<datafield tag="100" ind1="1" ind2=" ">
<subfield code="6">880-01</subfield>
<subfield code="a">Sharqī, Ṭālib ʻAlī.</subfield>
</datafield>
<datafield tag="245" ind1="1" ind2="0">
<subfield code="6">880-02</subfield>
<subfield code="a">ʻAyn al-Tamr :</subfield>
<subfield code="b">dirāsah jughrāfīyah ijtimāʻīyah tārīkhīyah li-ʻAyn al-Tamr wa-Shifāthā wa-mā yuḥīṭu bi-himā /</subfield>
<subfield code="c">[taʼlīf] Ṭālib ʻAlī al-Sharqī.</subfield>
</datafield>
<datafield tag="260" ind1=" " ind2=" ">
<subfield code="6">880-03</subfield>
<subfield code="a">al-Najaf :</subfield>
<subfield code="b">Maṭbaʻat al- Ādāb,</subfield>
<subfield code="c">1969.</subfield>
</datafield>
<datafield tag="300" ind1=" " ind2=" ">
<subfield code="a">284 pages :</subfield>
<subfield code="b">illustrations, map, portraits ;</subfield>
<subfield code="c">25 cm</subfield>
</datafield>
<datafield tag="336" ind1=" " ind2=" ">
<subfield code="a">text</subfield>
<subfield code="b">txt</subfield>
<subfield code="2">rdacontent</subfield>
</datafield>
<datafield tag="337" ind1=" " ind2=" ">
<subfield code="a">unmediated</subfield>
<subfield code="b">n</subfield>
<subfield code="2">rdamedia</subfield>
</datafield>
<datafield tag="338" ind1=" " ind2=" ">
<subfield code="a">volume</subfield>
<subfield code="b">nc</subfield>
<subfield code="2">rdacarrier</subfield>
</datafield>
<datafield tag="504" ind1=" " ind2=" ">
<subfield code="a">Includes bibliographical references (pages 233-239).</subfield>
</datafield>
<datafield tag="651" ind1=" " ind2="0">
<subfield code="6">880-04</subfield>
<subfield code="a">Shithāthah (Iraq)</subfield>
</datafield>
<datafield tag="651" ind1=" " ind2="0">
<subfield code="6">880-05</subfield>
<subfield code="a">ʻAyn al-Tamr (Iraq)</subfield>
</datafield>
<datafield tag="776" ind1="0" ind2="8">
<subfield code="i">Online version:</subfield>
<subfield code="a">Sharqī, Ṭālib ʻAlī.</subfield>
<subfield code="t">ʻAyn al-Tamr.</subfield>
<subfield code="d">al-Najaf, Maṭbaʻat al- Ādāb, 1969</subfield>
<subfield code="w">(OCoLC)555239976</subfield>
</datafield>
<datafield tag="880" ind1="1" ind2=" ">
<subfield code="6">100-01/</subfield>
<subfield code="a">‏شرقي، طالب علي.</subfield>
</datafield>
<datafield tag="880" ind1="1" ind2="0">
<subfield code="6">245-02/</subfield>
<subfield code="a">‏عين التمر :‏</subfield>
<subfield code="b">‏دراسة جغرافية اجتماعية تاريخية لعين التمر وشفاثا وما يحيط بهما /‏</subfield>
<subfield code="c">‏طالب علي الشرقي.</subfield>
</datafield>
<datafield tag="880" ind1=" " ind2=" ">
<subfield code="6">260-03/</subfield>
<subfield code="a">‏النجف :‏</subfield>
<subfield code="b">‏مطبعة الاداب،‏</subfield>
<subfield code="c">‏1969.</subfield>
</datafield>
<datafield tag="880" ind1=" " ind2="4">
<subfield code="6">651-04/</subfield>
<subfield code="a">شثاثة.</subfield>
</datafield>
<datafield tag="880" ind1=" " ind2="4">
<subfield code="6">651-05/</subfield>
<subfield code="a">عين التمر.</subfield>
</datafield>
<datafield tag="OWN" ind1=" " ind2=" ">
<subfield code="a">GENERAL</subfield>
</datafield>
<datafield tag="AVA" ind1=" " ind2=" ">
<subfield code="a">NYU50</subfield>
<subfield code="b">BOBST</subfield>
<subfield code="c">Main Collection</subfield>
<subfield code="d">DS79.9.S5 S5</subfield>
<subfield code="e">unavailable</subfield>
<subfield code="t">Unavailable</subfield>
<subfield code="f">1</subfield>
<subfield code="g">1</subfield>
<subfield code="h">N</subfield>
<subfield code="i">0</subfield>
<subfield code="j">MAIN</subfield>
<subfield code="k">0</subfield>
</datafield>
</record>
